<record><leader>00000cas a22000007a 4500</leader><controlfield tag="001">14866430</controlfield><controlfield tag="008">861124d18581860pauwr ne      0    0eng d</controlfield><datafield ind1=" " ind2=" " tag="010"><subfield code="a">sn 87080562 </subfield></datafield><datafield ind1=" " ind2=" " tag="040"><subfield code="a">NPH</subfield><subfield code="b">eng</subfield><subfield code="c">NPH</subfield><subfield code="d">NPX</subfield><subfield code="d">NPH</subfield><subfield code="d">OCLCQ</subfield></datafield><datafield ind1=" " ind2=" " tag="042"><subfield code="a">msc</subfield></datafield><datafield ind1="0" ind2="0" tag="245"><subfield code="a">Bradford miner.</subfield></datafield><datafield ind1="3" ind2="0" tag="246"><subfield code="a">Bradford weekly miner</subfield></datafield><datafield ind1=" " ind2=" " tag="260"><subfield code="a">Bradford, Pa. :</subfield><subfield code="b">Sam. C. Crane,</subfield><subfield code="c">1858-1860.</subfield></datafield><datafield ind1=" " ind2=" " tag="300"><subfield code="a">3 v.</subfield></datafield><datafield ind1=" " ind2=" " tag="310"><subfield code="a">Weekly</subfield></datafield><datafield ind1="0" ind2=" " tag="362"><subfield code="a">Vol. 1, no. 1 (Mar. 12, 1858)-v. 3, no. 12 (Aug. 28, 1860).</subfield></datafield><datafield ind1=" " ind2=" " tag="500"><subfield code="a">The word "weekly" printed above masthead ornament, &lt;Apr. 23, 1858&gt;.</subfield></datafield><datafield ind1=" " ind2=" " tag="752"><subfield code="a">United States</subfield><subfield code="b">Pennsylvania</subfield><subfield code="c">McKean</subfield><subfield code="d">Bradford.</subfield></datafield><datafield ind1="0" ind2="0" tag="785"><subfield code="t">M'Kean miner</subfield><subfield code="w">(DLC)sn 86053958</subfield></datafield></record>